<?xml version="1.0" encoding="UTF-8"?><collection xmlns="http://www.loc.gov/MARC21/slim"><record><leader>00532nam--2200193-i-4500</leader><controlfield tag="001">000023426</controlfield><controlfield tag="002">20161230</controlfield><controlfield tag="005">20170125231624</controlfield><controlfield tag="008">060222s1000------------r-----000-0-eng-d</controlfield><datafield ind1=" " ind2=" " tag="020"><subfield code="a">0471657077</subfield></datafield><datafield ind1=" " ind2=" " tag="040"><subfield code="a">IFIN-HH</subfield></datafield><datafield ind1=" " ind2=" " tag="080"><subfield code="a">539.19</subfield></datafield><datafield ind1="1" ind2=" " tag="100"><subfield code="a">Orville-Thomas, W. J</subfield></datafield><datafield ind1="1" ind2="0" tag="245"><subfield code="a">Internal rotation in molecules</subfield><subfield code="c">W.J. Orville-Thomas (ed.)</subfield></datafield><datafield ind1=" " ind2=" " tag="260"><subfield code="a">London</subfield><subfield code="b">John Wiley &amp; Sons</subfield><subfield code="c">1974</subfield></datafield><datafield ind1=" " ind2=" " tag="300"><subfield code="a">XVII + 606 p</subfield></datafield><datafield ind1=" " ind2=" " tag="490"><subfield code="a">Wiley Monographs In Chemical Physics</subfield></datafield><datafield ind1=" " ind2=" " tag="852"><subfield code="a">41909</subfield><subfield code="c">539.19</subfield></datafield><datafield ind1=" " ind2=" " tag="CAT"><subfield code="a">SYS</subfield><subfield code="c">20170125</subfield><subfield code="h">231624</subfield></datafield></record></collection>